<?xml version="1.0" encoding="UTF-8"?><collection><record><leader>07966ntm a2200565 a 4500</leader><controlfield tag="001">006805769</controlfield><controlfield tag="003">MiAaHDL</controlfield><controlfield tag="005">20190719000000.0</controlfield><controlfield tag="006">m        d        </controlfield><controlfield tag="007">cr bn ---auaua</controlfield><controlfield tag="008">090602s15uu    xx            00| ||per d</controlfield><datafield tag="035" ind1=" " ind2=" "><subfield code="a">(MiU)006805769</subfield></datafield><datafield tag="035" ind1=" " ind2=" "><subfield code="a">sdr-miu006805769</subfield></datafield><datafield tag="040" ind1=" " ind2=" "><subfield code="a">MiU</subfield><subfield code="c">MiU</subfield><subfield code="e">amremm</subfield></datafield><datafield tag="043" ind1=" " ind2=" "><subfield code="a">n-us-mi</subfield></datafield><datafield tag="100" ind1="1" ind2=" "><subfield code="6">880-01</subfield><subfield code="a">Sanāʼī al-Ghaznavī, Abū al-Majd Majdūd ibn Ādam,</subfield><subfield code="d">-approximately 1150.</subfield></datafield><datafield tag="240" ind1="1" ind2="0"><subfield code="6">880-02</subfield><subfield code="a">Ḥadīqat al-ḥaqīqah wa-sharīʻat al-ṭarīqah.</subfield><subfield code="k">Selections</subfield></datafield><datafield tag="245" ind1="1" ind2="0"><subfield code="6">880-03</subfield><subfield code="a">Ḥadīqah-ʼi Ḥakīm Sanāyī,</subfield><subfield code="f">[16th century?].</subfield></datafield><datafield tag="246" ind1="3" ind2=" "><subfield code="a">Ḥadīqah-ʼi Ḥakīm Sanāʼī</subfield></datafield><datafield tag="246" ind1="3" ind2=" "><subfield code="a">حديقه حكيم سنايي</subfield></datafield><datafield tag="260" ind1=" " ind2=" "><subfield code="c">[15--?].</subfield></datafield><datafield tag="300" ind1=" " ind2=" "><subfield code="a">38 leaves :</subfield><subfield code="b">paper ;</subfield><subfield code="c">231 x 155 (118-121 x 70-73) mm. bound to 231 x 161 mm.</subfield></datafield><datafield tag="500" ind1=" " ind2=" "><subfield code="a">Shelfmark: Ann Arbor, University of Michigan, Special Collections Library, Isl. Ms. 281</subfield></datafield><datafield tag="500" ind1=" " ind2=" "><subfield code="a">Origin: Lacks dated colophon ; hand, paper, etc. may suggest 16th century. Date in seal impression provides an approximate terminus ante quem of 1107 [1695 or 1696] depending on the elapsed time between the making of the seal and its impression in the ms.</subfield></datafield><datafield tag="500" ind1=" " ind2=" "><subfield code="a">Binding: Pasteboards covered in painted lacquerwork ; Type II binding (with flap) ; spine and fore edge flap in dark brown leather ; doublures and interior of envelope flap in red brown (dark red) leather with recessed inlays of paper in lapis lazuli, light blue, yellow, and green with filigree in brown and black leather ; upper and lower covers bear painted lacquerwork design in gold, green, red, black, and dark red of nearly identical composition ; design consists of scalloped central mandorla (reminiscent of Déroche class. OSd 8), pendants, and corner pieces with border consisting of a series of lozenges ; all are filled with an elaborate swirling floral vegetal design ; upper and lower doublures bear central scalloped mandorla, pendants and corner pieces in leather filigree (black and brown) and recessed paper inlays (lapis lazuli, green, light blue, and yellow) surrounded by simple gold-painted border accents ; interior of envelope flap continues design of doublures ; sewn in white and blue green threads (intertwined), two stations ; worked endbands in blue green, white and pink (traces) ; in poor condition with extensive abrasion to covers resulting in loss of lacquer and paint ; spine leather lifting and detaching from text block, upper cover detacing ; some pest damage ; boards delaminating ; endbands nearly gone ; paper label pasted to upper cover (no writing) ; currently housed in envelope.</subfield></datafield><datafield tag="500" ind1=" " ind2=" "><subfield code="a">Support: non-European laid paper (untinted but gold-flecked) set in tinted leaves of non-European (likely Persian) laid paper, mainly alternating shades of blue (often toward green) and yellow, occasionally pink ; laid lines of set-in written area running horizontally spaced roughly 7 laid lines per cm. ; laid lines of tinted leaves running vertically spaced roughly 8-10 laid lines per cm. with curving and sagging ; chain lines difficult to view but may be sporadic short lengths ; a few inclusions ; well-burnished and smooth ; flyleaves of several paper types - European laid paper, non-European (likely Persian) laid paper (decorative silhouette paper), and Persian or Indian laid paper of no earlier than late 18th century.</subfield></datafield><datafield tag="500" ind1=" " ind2=" "><subfield code="a">Decoration: Illuminated headpiece (ʻunwān) on fol.1a consisting of rectangular piece surmounted by triangular or hasp piece ; rectangular piece carries lobed central lozenge in gold, with flanking pieces in gold and red all on a field of lapis lazuli with floral vegetal pattern in black, red, yellow, white, and lavender ; bordered in bands of white, blue, and gold (with swirling pattern) ; surmounted by triangular piece or hasp in gold and lapis lazuli with same floral vegetal pattern ; surmounted by vertical stalks (tīgh) ; a band of black with same floral vegetal pattern and flanking bands of red and gold separates the two pieces ; simple illuminated headpieces throughout and at close consisting of rectangular piece with central gold cartouche (empty) flanked by almond-shaped pieces in black or red on fields of lapis lazuli with swirling vegetal motif bordered in bands of gold and red ; "tailpiece" accompanied by flanking rectangular pieces with swirling floral vegetal pattern in black, red, yellow, white and lavender on fields of gold, bordered in blue ; written area surrounded by a frame consisting of a series of bands varying in color according to tint of surrounding leaf ; for lighter colored leaves the frame is in green, gold, black and blue and for darker colored leaves the frame is in blue, gold, black and red ; simple gold bands outlined by black fillets frame columns within written area.</subfield></datafield><datafield tag="500" ind1=" " ind2=" "><subfield code="a">Script: Nastaʻlīq ; sans serif ; characteristic descent of words to baseline along with superscript of final words and letters at end of many lines ; characteristic letterforms ; contrast in thickness of horizontal and vertical strokes ; horizontal strokes often elongated.</subfield></datafield><datafield tag="500" ind1=" " ind2=" "><subfield code="a">Layout: Written in 11 lines per page ; single column divided to two columns to set off poetry ; frame-ruled.</subfield></datafield><datafield tag="500" ind1=" " ind2=" "><subfield code="a">Collation: iii, 4 III (24), II (28), IV (36), I (38), ii ; chiefly ternions ; catchwords present.</subfield></datafield><datafield tag="500" ind1=" " ind2=" "><subfield code="a">Explicit: "من وفایی ندیده ام ز خسان گر تو بینی سلام من برسان ... چون مصفا شوی زرزق وزفن مرد گر دی اگر چه هستی زن"</subfield></datafield><datafield tag="500" ind1=" " ind2=" "><subfield code="a">Incipit: "ای درون پرور برون آرای ای خرد بخش [بیخرد] بخشای"</subfield></datafield><datafield tag="500" ind1=" " ind2=" "><subfield code="a">Title from inscriptions on front flyleaf and fol.1a.</subfield></datafield><datafield tag="500" ind1=" " ind2=" "><subfield code="a">Ms. codex.</subfield></datafield><datafield tag="510" ind1="4" ind2=" "><subfield code="a">Cat. Pers. MSS. Brit. Mus.,</subfield><subfield code="c">p. 549</subfield></datafield><datafield tag="520" ind1="8" ind2=" "><subfield code="a">Exquisite manuscript containing what appears to be excerpts from the mystical mathawī (mas̲navī) of Sanāʼī, Ḥadīqat al-ḥaqīqah wa-sharīʻat al-ṭarīqah.</subfield></datafield><datafield tag="538" ind1=" " ind2=" "><subfield code="a">Mode of access: Internet.</subfield></datafield><datafield tag="541" ind1=" " ind2=" "><subfield code="c">Purchase ;</subfield><subfield code="a">Acquired by purchase (funds donated by Horace Rackham).</subfield><subfield code="d">1924.</subfield></datafield><datafield tag="546" ind1=" " ind2=" "><subfield code="a">Persian.</subfield></datafield><datafield tag="561" ind1=" " ind2=" "><subfield code="a">Several former owners' marks including: inscription in pencil on front flyleaf "237 T. De M. [i.e. Tammaro De Marinis]", inscription in black ink on front flyleaf reading "السيد محمد رشدي حافظ قران ابن احمد نائب وكيل انقرة [؟] ...", and three seal impressions, two oval and one rectangular, appearing on fol.1a, fol.38a and elsewhere ; one of the oval seal impressions appears to be dated 1107 [1695 or 1696] (see fol.38a) ; front flyleaf, verses and saying attributed to the Prophet "انا مدينة الصدق وابو بكر اساسها وانا مدينة العدل وعمر حيطانها وانا مدينة الحياء وعثمان سقفها وانا مدينة العلم وعلي بابها" ; a few effaced inscriptions on front flyleaf and fol.1a ; on back flyleaf a collation statement reading "جمله اوراق ٣٨" and statement in Ottoman Turkish in name of İzzet Bey Efendi (عزت بك افندى، here rendered "عززت") and date "بيك اوجيوز طقسان بش" (i.e. 1395) though 1295 [1878] may have been intended.</subfield></datafield><datafield tag="650" ind1=" " ind2="0"><subfield code="a">Manuscripts, Persian</subfield><subfield code="z">Michigan</subfield><subfield code="z">Ann Arbor.</subfield></datafield><datafield tag="650" ind1=" " ind2="0"><subfield code="a">Persian poetry</subfield><subfield code="y">747-1500.</subfield></datafield><datafield tag="650" ind1=" " ind2="0"><subfield code="a">Masnavis, Persian</subfield><subfield code="v">Early works to 1800.</subfield></datafield><datafield tag="650" ind1=" " ind2="0"><subfield code="a">Sufi poetry, Persian.</subfield></datafield><datafield tag="655" ind1=" " ind2="7"><subfield code="a">Headpieces (layout features)</subfield><subfield code="y">17th century.</subfield><subfield code="2">aat</subfield></datafield><datafield tag="700" ind1="0" ind2=" "><subfield code="a">Abdülhamid</subfield><subfield code="b">II,</subfield><subfield code="c">Sultan of the Turks,</subfield><subfield code="d">1842-1918,</subfield><subfield code="e">former owner.</subfield></datafield><datafield tag="773" ind1="0" ind2=" "><subfield code="a">Abdul Hamid Collection.</subfield></datafield><datafield tag="880" ind1="1" ind2="0"><subfield code="6">245-03/</subfield><subfield code="a">حدیقۀ حکیم سنایی,</subfield><subfield code="f">[قرن 16م؟].</subfield></datafield><datafield tag="880" ind1="1" ind2="0"><subfield code="6">240-02/</subfield><subfield code="a">حديقة الحقيقة و شريعة الطريقة.</subfield><subfield code="k">منتخبات</subfield></datafield><datafield tag="880" ind1="1" ind2=" "><subfield code="6">100-01/</subfield><subfield code="a">سنائيى الغزنوى، ابو المجد مجدود بن آدم.</subfield></datafield><datafield tag="CID" ind1=" " ind2=" "><subfield code="a">006805769</subfield></datafield><datafield tag="DAT" ind1="0" ind2=" "><subfield code="a">20190719102637.0</subfield><subfield code="b">20190719000000.0</subfield></datafield><datafield tag="DAT" ind1="1" ind2=" "><subfield code="a">20190719090653.0</subfield><subfield code="b">2019-07-19T16:11:55Z</subfield></datafield><datafield tag="DAT" ind1="2" ind2=" "><subfield code="a">2015-10-10T18:00:06Z</subfield></datafield><datafield tag="CAT" ind1=" " ind2=" "><subfield code="a">SDR-MIU</subfield><subfield code="d">EX LIBRIS - ALEPH</subfield><subfield code="l">prepare.pl-004-008</subfield></datafield><datafield tag="FMT" ind1=" " ind2=" "><subfield code="a">BK</subfield></datafield><datafield tag="HOL" ind1=" " ind2=" "><subfield code="0">sdr-miu006805769</subfield><subfield code="a">MiU</subfield><subfield code="b">SDR</subfield><subfield code="c">MIU</subfield><subfield code="p">mdp.39015079127554</subfield><subfield code="s">MIU</subfield><subfield code="1">006805769</subfield></datafield><datafield tag="974" ind1=" " ind2=" "><subfield code="b">MIU</subfield><subfield code="c">MIU</subfield><subfield code="d">20190719</subfield><subfield code="s">lit-dlps-dc</subfield><subfield code="u">mdp.39015079127554</subfield><subfield code="y">1599</subfield><subfield code="r">pd</subfield><subfield code="q">bib</subfield><subfield code="t">non-US bib date1 &lt; 1896</subfield></datafield></record></collection>